<record><leader>00000cas a2200000 a 4500</leader><controlfield tag="001">11605271</controlfield><controlfield tag="008">850122d19841997cauwr ne      0   a0eng c</controlfield><datafield ind1=" " ind2=" " tag="010"><subfield code="a">sn 85008048 </subfield></datafield><datafield ind1=" " ind2=" " tag="040"><subfield code="a">NSD</subfield><subfield code="b">eng</subfield><subfield code="c">NSD</subfield><subfield code="d">CNK</subfield><subfield code="d">NSD</subfield><subfield code="d">DLC</subfield><subfield code="d">OCLCQ</subfield><subfield code="d">CNK</subfield><subfield code="d">OCLCQ</subfield><subfield code="d">OCLCF</subfield><subfield code="d">OCLCO</subfield></datafield><datafield ind1=" " ind2=" " tag="012"><subfield code="j">1</subfield><subfield code="l">1</subfield><subfield code="m">d</subfield></datafield><datafield ind1="1" ind2=" " tag="022"><subfield code="a">8756-5897</subfield><subfield code="l">1097-7538</subfield><subfield code="2">1</subfield></datafield><datafield ind1="1" ind2=" " tag="029"><subfield code="a">AU@</subfield><subfield code="b">000020349321</subfield></datafield><datafield ind1="1" ind2=" " tag="029"><subfield code="a">NZ1</subfield><subfield code="b">16073818</subfield></datafield><datafield ind1=" " ind2=" " tag="037"><subfield code="b">Business Journal, 2030 J St., Sacramento, CA 95814</subfield></datafield><datafield ind1=" " ind2=" " tag="042"><subfield code="a">nsdp</subfield><subfield code="a">pcc</subfield></datafield><datafield ind1="0" ind2=" " tag="130"><subfield code="a">Business journal (Sacramento, Calif.)</subfield></datafield><datafield ind1=" " ind2="4" tag="222"><subfield code="a">The Business journal</subfield><subfield code="b">(Sacramento, Calif.)</subfield></datafield><datafield ind1="0" ind2="4" tag="245"><subfield code="a">The Business journal.</subfield></datafield><datafield ind1="1" ind2="7" tag="246"><subfield code="a">Sacramento business journal</subfield><subfield code="f">Dec. 17, 1984-8</subfield></datafield><datafield ind1=" " ind2=" " tag="260"><subfield code="a">[Sacramento, Calif. :</subfield><subfield code="b">Crossroads Press,</subfield><subfield code="c">c1984-</subfield></datafield><datafield ind1=" " ind2=" " tag="300"><subfield code="a">v.</subfield></datafield><datafield ind1=" " ind2=" " tag="310"><subfield code="a">Weekly</subfield></datafield><datafield ind1="0" ind2=" " tag="362"><subfield code="a">Vol. 1, no. 37 (Dec. 17. 1984)-v. 13, no. 45 (Jan. 27, 1997).</subfield></datafield><datafield ind1=" " ind2=" " tag="500"><subfield code="a">"Serving greater Sacramento."</subfield></datafield><datafield ind1=" " ind2=" " tag="530"><subfield code="a">Also available online.</subfield></datafield><datafield ind1=" " ind2=" " tag="530"><subfield code="a">Master negatives are available for duplication from:</subfield><subfield code="b">California Newspaper Microfilm Archive;</subfield><subfield code="c">positive copies may be purchased by the reel; for further information consult the CNMA at:</subfield><subfield code="u">http://cbsr.ucr.edu</subfield></datafield><datafield ind1=" " ind2="0" tag="650"><subfield code="a">Business</subfield><subfield code="v">Newspapers.</subfield></datafield><datafield ind1=" " ind2="0" tag="651"><subfield code="a">Sacramento (Calif.)</subfield><subfield code="v">Newspapers.</subfield></datafield><datafield ind1=" " ind2="7" tag="655"><subfield code="a">Newspapers.</subfield><subfield code="2">fast</subfield><subfield code="0">(OCoLC)fst01423814</subfield></datafield><datafield ind1=" " ind2="7" tag="650"><subfield code="a">Business.</subfield><subfield code="2">fast</subfield><subfield code="0">(OCoLC)fst00842262</subfield></datafield><datafield ind1=" " ind2="7" tag="651"><subfield code="a">California</subfield><subfield code="z">Sacramento.</subfield><subfield code="2">fast</subfield><subfield code="0">(OCoLC)fst01205542</subfield></datafield><datafield ind1="1" ind2=" " tag="776"><subfield code="t">Sacramento business journal (Online)</subfield><subfield code="w">(DLC)sn 99107132</subfield><subfield code="w">(OCoLC)40562060</subfield></datafield><datafield ind1="0" ind2="0" tag="780"><subfield code="t">Capitol business journal</subfield></datafield><datafield ind1="0" ind2="0" tag="785"><subfield code="t">Sacramento business journal</subfield><subfield code="x">1097-7538</subfield><subfield code="w">(DLC)sn 99003389</subfield><subfield code="w">(OCoLC)36367823</subfield></datafield><datafield ind1=" " ind2=" " tag="752"><subfield code="a">United States</subfield><subfield code="b">California</subfield><subfield code="c">Sacramento</subfield><subfield code="d">Sacramento.</subfield></datafield><datafield ind1="4" ind2="1" tag="856"><subfield code="u">http://www.amcity.com/sacramento/</subfield></datafield><datafield ind1=" " ind2=" " tag="936"><subfield code="a">Mar. 11, 1985</subfield></datafield></record>